<record><leader>00000cas a2200000 a 4500</leader><controlfield tag="001">25696726</controlfield><controlfield tag="008">920423d19281931iludr ne      0   a0eng c</controlfield><datafield ind1=" " ind2=" " tag="010"><subfield code="a">sn 92054547 </subfield></datafield><datafield ind1=" " ind2=" " tag="040"><subfield code="a">NVF</subfield><subfield code="b">eng</subfield><subfield code="c">NVF</subfield><subfield code="d">DLC</subfield><subfield code="d">OCLCQ</subfield><subfield code="d">OCLCF</subfield><subfield code="d">OCLCO</subfield><subfield code="d">NVF</subfield></datafield><datafield ind1=" " ind2=" " tag="042"><subfield code="a">pcc</subfield></datafield><datafield ind1=" " ind2=" " tag="043"><subfield code="a">n-us-il</subfield></datafield><datafield ind1="0" ind2=" " tag="130"><subfield code="a">Journal (Peoria, Ill.)</subfield></datafield><datafield ind1="1" ind2="0" tag="245"><subfield code="a">Journal.</subfield></datafield><datafield ind1="1" ind2=" " tag="246"><subfield code="i">Alternate issues published as:</subfield><subfield code="a">Peoria journal</subfield></datafield><datafield ind1="1" ind2=" " tag="246"><subfield code="i">Published on Sundays as:</subfield><subfield code="a">Peoria journal-transcript</subfield></datafield><datafield ind1="3" ind2=" " tag="246"><subfield code="a">Peoria journal transcript</subfield></datafield><datafield ind1=" " ind2=" " tag="250"><subfield code="a">Peach ed.</subfield></datafield><datafield ind1=" " ind2=" " tag="260"><subfield code="a">Peoria, Ill. :</subfield><subfield code="b">Carl P. Slane [&amp;] Merle Slane,</subfield><subfield code="c">1928-1931.</subfield></datafield><datafield ind1=" " ind2=" " tag="300"><subfield code="a">v.</subfield></datafield><datafield ind1=" " ind2=" " tag="310"><subfield code="a">Daily</subfield></datafield><datafield ind1="0" ind2=" " tag="362"><subfield code="a">July 16, 1928-May 5, 1931.</subfield></datafield><datafield ind1=" " ind2=" " tag="530"><subfield code="a">Available on microfilm;</subfield><subfield code="b">Library of Congress, Photoduplication Service.</subfield></datafield><datafield ind1=" " ind2="0" tag="651"><subfield code="a">Peoria (Ill.)</subfield><subfield code="v">Newspapers.</subfield></datafield><datafield ind1=" " ind2="7" tag="651"><subfield code="a">Illinois</subfield><subfield code="z">Peoria.</subfield><subfield code="2">fast</subfield><subfield code="0">(OCoLC)fst01206107</subfield></datafield><datafield ind1=" " ind2="7" tag="655"><subfield code="a">Newspapers.</subfield><subfield code="2">fast</subfield><subfield code="0">(OCoLC)fst01423814</subfield></datafield><datafield ind1=" " ind2=" " tag="752"><subfield code="a">United States</subfield><subfield code="b">Illinois</subfield><subfield code="c">Peoria</subfield><subfield code="d">Peoria.</subfield></datafield><datafield ind1="0" ind2="0" tag="780"><subfield code="t">Peoria journal (Peoria, Ill. : 1878)</subfield><subfield code="w">(DLC)sn 84024089</subfield><subfield code="w">(OCoLC)10489511</subfield></datafield><datafield ind1="0" ind2="0" tag="785"><subfield code="t">Peoria journal (Peoria, Ill. : 1931)</subfield><subfield code="w">(DLC)sn 92054548</subfield><subfield code="w">(OCoLC)25696779</subfield></datafield><datafield ind1="1" ind2=" " tag="029"><subfield code="a">AU@</subfield><subfield code="b">000020705669</subfield></datafield></record>